@article{netz2007kodeks,
  title={Kodeks {A}rchimedesa},
  author={Netz, Reviel and Noel, William},
  journal={Tajemnice najsłynniejszego palimpsetu świata},
  year={2007}
}

@book{montgomery2015introduction,
  title={Introduction to time series analysis and forecasting},
  author={Montgomery, Douglas C and Jennings, Cheryl L and Kulahci, Murat},
  year={2015},
  publisher={John Wiley \& Sons}
}

@book{kirchgassner2012introduction,
  title={Introduction to modern time series analysis},
  author={Kirchg{\"a}ssner, Gebhard and Wolters, J{\"u}rgen and Hassler, Uwe},
  year={2012},
  publisher={Springer Science \& Business Media}
}
@book{zagdanski2016analiza,
  title={Analiza i prognozowanie szereg{\'o}w czasowych: praktyczne wprowadzenie na podstawie {\'s}rodowiska R},
  author={Zagda{\'n}ski, Adam and Suchwa{\l}ko, Artur},
  year={2016},
  publisher={Wydawnictwo Naukowe PWN}
}
